<?xml version="1.0" encoding="UTF-8"?><record xmlns="http://www.loc.gov/MARC21/slim" xmlns:cinclude="http://apache.org/cocoon/include/1.0" xmlns:zs="http://www.loc.gov/zing/srw/">
  <leader>00538nz  a2200157n  4500</leader>
  <controlfield tag="001">no2008050181</controlfield>
  <controlfield tag="003">DLC</controlfield>
  <controlfield tag="005">20080404080107.0</controlfield>
  <controlfield tag="008">080401n| acannaabn          |a aaa     c</controlfield>
  <datafield tag="010" ind1=" " ind2=" ">
    <subfield code="a">no2008050181</subfield>
  </datafield>
  <datafield tag="035" ind1=" " ind2=" ">
    <subfield code="a">(OCoLC)oca07722467</subfield>
  </datafield>
  <datafield tag="040" ind1=" " ind2=" ">
    <subfield code="a">CtY-Mus</subfield>
    <subfield code="b">eng</subfield>
    <subfield code="c">CtY-Mus</subfield>
  </datafield>
  <datafield tag="100" ind1="1" ind2=" ">
    <subfield code="a">Roussel, Albert,</subfield>
    <subfield code="d">1869-1937.</subfield>
    <subfield code="t">Poèmes,</subfield>
    <subfield code="n">op. 3.</subfield>
    <subfield code="p">Départ</subfield>
  </datafield>
  <datafield tag="400" ind1="1" ind2=" ">
    <subfield code="a">Roussel, Albert,</subfield>
    <subfield code="d">1869-1937.</subfield>
    <subfield code="t">Départ</subfield>
  </datafield>
  <datafield tag="400" ind1="1" ind2=" ">
    <subfield code="a">Roussel, Albert,</subfield>
    <subfield code="d">1869-1937.</subfield>
    <subfield code="t">Departure</subfield>
  </datafield>
  <datafield tag="670" ind1=" " ind2=" ">
    <subfield code="a">Roussel, A. Le départ, c1921:</subfield>
    <subfield code="b">caption (Le départ = The departure : op. 3, no. 1)</subfield>
  </datafield>
</record>